@String(PAMI  = {IEEE TPAMI})
@String(IJCV  = {IJCV})
@String(CVPR  = {CVPR})
@String(ICCV  = {ICCV})
@String(ECCV  = {ECCV})
@String(NIPS  = {NeurIPS})
@String(ICPR  = {ICPR})
@String(BMVC  =	{BMVC})
@String(TOG   = {ACM TOG})
@String(TIP   = {IEEE TIP})
@String(TVCG  = {IEEE TVCG})
@String(TCSVT = {IEEE TCSVT})
@String(TMM   =	{IEEE TMM})
@String(ACMMM = {ACM MM})
@String(ICME  =	{ICME})
@String(ICASSP=	{ICASSP})
@String(ICIP  = {ICIP})
@String(ACCV  = {ACCV})
@String(ICLR  = {ICLR})
@String(IJCAI = {IJCAI})
@String(PR = {PR})
@String(AAAI = {AAAI})
@String(CVPRW= {CVPRW})
@String(CSVT = {IEEE TCSVT})



@String(PAMI = {IEEE Trans. Pattern Anal. Mach. Intell.})
@String(IJCV = {Int. J. Comput. Vis.})
@String(CVPR= {IEEE Conf. Comput. Vis. Pattern Recog.})
@String(ICCV= {Int. Conf. Comput. Vis.})
@String(ECCV= {Eur. Conf. Comput. Vis.})
@String(NIPS= {Adv. Neural Inform. Process. Syst.})
@String(ICPR = {Int. Conf. Pattern Recog.})
@String(BMVC= {Brit. Mach. Vis. Conf.})
@String(TOG= {ACM Trans. Graph.})
@String(TIP  = {IEEE Trans. Image Process.})
@String(TVCG  = {IEEE Trans. Vis. Comput. Graph.})
@String(TMM  = {IEEE Trans. Multimedia})
@String(ACMMM= {ACM Int. Conf. Multimedia})
@String(ICME = {Int. Conf. Multimedia and Expo})
@String(ICASSP=	{ICASSP})
@String(ICIP = {IEEE Int. Conf. Image Process.})
@String(ACCV  = {ACCV})
@String(ICLR = {Int. Conf. Learn. Represent.})
@String(IJCAI = {IJCAI})
@String(PR   = {Pattern Recognition})
@String(AAAI = {AAAI})
@String(CVPRW= {IEEE Conf. Comput. Vis. Pattern Recog. Worksh.})
@String(CSVT = {IEEE Trans. Circuit Syst. Video Technol.})

@String(SPL	= {IEEE Sign. Process. Letters})
@String(VR   = {Vis. Res.})
@String(JOV	 = {J. Vis.})
@String(TVC  = {The Vis. Comput.})
@String(JCST  = {J. Comput. Sci. Tech.})
@String(CGF  = {Comput. Graph. Forum})
@String(CVM = {Computational Visual Media})



@misc{Authors14,
 author = {FirstName LastName},
 title = {The frobnicatable foo filter},
 note = {Face and Gesture  submission ID 324. Supplied as additional material {\tt fg324.pdf}},
 year = 2014
}

@misc{Authors14b,
 author = {FirstName LastName},
 title = {Frobnication tutorial},
 note = {Supplied as additional material {\tt tr.pdf}},
 year = 2014
}

@article{Alpher02,
author = {FirstName Alpher},
title = {Frobnication},
journal = PAMI,
volume = 12, 
number = 1, 
pages = {234--778}, 
year = 2002
}

@article{Alpher03,
author = {FirstName Alpher and  FirstName Fotheringham-Smythe},
title = {Frobnication revisited},
journal = {Journal of Foo},
volume = 13, 
number = 1, 
pages = {234--778}, 
year = 2003
}

@article{Alpher04,
author = {FirstName Alpher and FirstName Fotheringham-Smythe and FirstName Gamow},
title = {Can a machine frobnicate?},
journal = {Journal of Foo},
volume = 14, 
number = 1, 
pages = {234--778}, 
year = 2004
}
@inproceedings{Cordts2016Cityscapes,
	title={The Cityscapes Dataset for Semantic Urban Scene Understanding},
	author={Cordts, Marius and Omran, Mohamed and Ramos, Sebastian and Rehfeld, Timo and Enzweiler, Markus and Benenson, Rodrigo and Franke, Uwe and Roth, Stefan and Schiele, Bernt},
	booktitle={Proc. of the IEEE Conference on Computer Vision and Pattern Recognition (CVPR)},
	year={2016}
}
@article{russakovsky2015imagenet,
	title="ImageNet Large Scale Visual Recognition Challenge",
	author="Olga {Russakovsky} and Jia {Deng} and Hao {Su} and Jonathan {Krause} and Sanjeev {Satheesh} and Sean {Ma} and Zhiheng {Huang} and Andrej {Karpathy} and Aditya {Khosla} and Michael {Bernstein} and Alexander C. {Berg} and Li {Fei-Fei}",
	journal="International Journal of Computer Vision",
	volume="115",
	number="3",
	pages="211--252",
	notes="Sourced from Microsoft Academic - https://academic.microsoft.com/paper/2117539524",
	year="2015"
}

@inproceedings{lin2014microsoft,
	title="Microsoft COCO: Common Objects in Context",
	author="Tsung-Yi {Lin} and Michael {Maire} and Serge J. {Belongie} and James {Hays} and Pietro {Perona} and Deva {Ramanan} and Piotr {Doll√°r} and C. Lawrence {Zitnick}",
	booktitle="European Conference on Computer Vision",
	pages="740--755",
	notes="Sourced from Microsoft Academic - https://academic.microsoft.com/paper/1861492603",
	year="2014"
}@inproceedings{he2019filter,
	title={Filter pruning via geometric median for deep convolutional neural networks acceleration},
	author={He, Yang and Liu, Ping and Wang, Ziwei and Hu, Zhilan and Yang, Yi},
	booktitle={Proceedings of the IEEE Conference on Computer Vision and Pattern Recognition},
	pages={4340--4349},
	year={2019}
}@article{li2020eagleeye,
	title={Eagleeye: Fast sub-net evaluation for efficient neural network pruning},
	author={Li, Bailin and Wu, Bowen and Su, Jiang and Wang, Guangrun and Lin, Liang},
	journal={arXiv preprint arXiv:2007.02491},
	year={2020},
	publisher={Springer}
}
@article{ioffe2015batch,
	title={Batch normalization: Accelerating deep network training by reducing internal covariate shift},
	author={Ioffe, Sergey and Szegedy, Christian},
	journal={arXiv preprint arXiv:1502.03167},
	year={2015}
}
@inproceedings{alvarez2017compression,
	title={Compression-aware training of deep networks},
	author={Alvarez, Jose M and Salzmann, Mathieu},
	booktitle={Advances in Neural Information Processing Systems},
	pages={856--867},
	year={2017}
}
@inproceedings{huang2018data,
	title={Data-driven sparse structure selection for deep neural networks},
	author={Huang, Zehao and Wang, Naiyan},
	booktitle={Proceedings of the European conference on computer vision (ECCV)},
	pages={304--320},
	year={2018}
}
@inproceedings{zhang2018learning,
	title={Learning to share: Simultaneous parameter tying and sparsification in deep learning},
	author={Zhang, Dejiao and Wang, Haozhu and Figueiredo, Mario and Balzano, Laura},
	booktitle={International Conference on Learning Representations},
	year={2018}
}
@inproceedings{he2016deep,
	title={Deep residual learning for image recognition},
	author={He, Kaiming and Zhang, Xiangyu and Ren, Shaoqing and Sun, Jian},
	booktitle={Proceedings of the IEEE conference on computer vision and pattern recognition},
	pages={770--778},
	year={2016}
}
@article{He2016IdentityMI,
  title={Identity Mappings in Deep Residual Networks},
  author={Kaiming He and X. Zhang and Shaoqing Ren and Jian Sun},
  journal={ArXiv},
  year={2016},
  volume={abs/1603.05027}
}
@inproceedings{jacob2018quantization,
	title={Quantization and training of neural networks for efficient integer-arithmetic-only inference},
	author={Jacob, Benoit and Kligys, Skirmantas and Chen, Bo and Zhu, Menglong and Tang, Matthew and Howard, Andrew and Adam, Hartwig and Kalenichenko, Dmitry},
	booktitle={Proceedings of the IEEE Conference on Computer Vision and Pattern Recognition},
	pages={2704--2713},
	year={2018}
}
@inproceedings{denil2013predicting,
	title={Predicting parameters in deep learning},
	author={Denil, Misha and Shakibi, Babak and Dinh, Laurent and Ranzato, Marc'Aurelio and De Freitas, Nando},
	booktitle={Advances in neural information processing systems},
	pages={2148--2156},
	year={2013}
}@inproceedings{wen2016learning,
title={Learning structured sparsity in deep neural networks},
author={Wen, Wei and Wu, Chunpeng and Wang, Yandan and Chen, Yiran and Li, Hai},
booktitle={Advances in neural information processing systems},
pages={2074--2082},
year={2016}
}@inproceedings{huang2018data,
title={Data-driven sparse structure selection for deep neural networks},
author={Huang, Zehao and Wang, Naiyan},
booktitle={Proceedings of the European conference on computer vision (ECCV)},
pages={304--320},
year={2018}
}
@inproceedings{alvarez2016learning,
	title={Learning the number of neurons in deep networks},
	author={Alvarez, Jose M and Salzmann, Mathieu},
	booktitle={Advances in Neural Information Processing Systems},
	pages={2270--2278},
	year={2016}
}
@inproceedings{denton2014exploiting,
	title={Exploiting linear structure within convolutional networks for efficient evaluation},
	author={Denton, Emily L and Zaremba, Wojciech and Bruna, Joan and LeCun, Yann and Fergus, Rob},
	booktitle={Advances in neural information processing systems},
	pages={1269--1277},
	year={2014}
}
@inproceedings{liu2017learning,
	title={Learning efficient convolutional networks through network slimming},
	author={Liu, Zhuang and Li, Jianguo and Shen, Zhiqiang and Huang, Gao and Yan, Shoumeng and Zhang, Changshui},
	booktitle={Proceedings of the IEEE International Conference on Computer Vision},
	pages={2736--2744},
	year={2017}
}

@article{hinton2015distilling,
	title={Distilling the knowledge in a neural network},
	author={Hinton, Geoffrey and Vinyals, Oriol and Dean, Jeff},
	journal={arXiv preprint arXiv:1503.02531},
	year={2015}
}

@inproceedings{denil2013predicting,
	title={Predicting parameters in deep learning},
	author={Denil, Misha and Shakibi, Babak and Dinh, Laurent and Ranzato, Marc'Aurelio and De Freitas, Nando},
	booktitle={Advances in neural information processing systems},
	pages={2148--2156},
	year={2013}
}

@inproceedings{denton2014exploiting,
	title={Exploiting linear structure within convolutional networks for efficient evaluation},
	author={Denton, Emily L and Zaremba, Wojciech and Bruna, Joan and LeCun, Yann and Fergus, Rob},
	booktitle={Advances in neural information processing systems},
	pages={1269--1277},
	year={2014}
}
@inproceedings{lin2020hrank,
	title={HRank: Filter Pruning using High-Rank Feature Map},
	author={Lin, Mingbao and Ji, Rongrong and Wang, Yan and Zhang, Yichen and Zhang, Baochang and Tian, Yonghong and Shao, Ling},
	booktitle={Proceedings of the IEEE/CVF Conference on Computer Vision and Pattern Recognition},
	pages={1529--1538},
	year={2020}
}
@article{ye2020channel,
  title={Channel Pruning via Optimal Thresholding},
  author={Ye, Yun and You, Ganmei and Fwu, Jong-Kae and Zhu, Xia and Yang, Qing and Zhu, Yuan},
  journal={arXiv preprint arXiv:2003.04566},
  year={2020}
}
@inproceedings{li2020group,
	title={Group sparsity: The hinge between filter pruning and decomposition for network compression},
	author={Li, Yawei and Gu, Shuhang and Mayer, Christoph and Gool, Luc Van and Timofte, Radu},
	booktitle={Proceedings of the IEEE/CVF Conference on Computer Vision and Pattern Recognition},
	pages={8018--8027},
	year={2020}
}

@inproceedings{langley00,
 author    = {P. Langley},
 title     = {Crafting Papers on Machine Learning},
 year      = {2000},
 pages     = {1207--1216},
 editor    = {Pat Langley},
 booktitle     = {Proceedings of the 17th International Conference
              on Machine Learning (ICML 2000)},
 address   = {Stanford, CA},
 publisher = {Morgan Kaufmann}
}

@TechReport{mitchell80,
  author = 	 "T. M. Mitchell",
  title = 	 "The Need for Biases in Learning Generalizations",
  institution =  "Computer Science Department, Rutgers University",
  year = 	 "1980",
  address =	 "New Brunswick, MA",
}

@phdthesis{kearns89,
  author = {M. J. Kearns},
  title =  {Computational Complexity of Machine Learning},
  school = {Department of Computer Science, Harvard University},
  year =   {1989}
}

@Book{MachineLearningI,
  editor = 	 "R. S. Michalski and J. G. Carbonell and T.
		  M. Mitchell",
  title = 	 "Machine Learning: An Artificial Intelligence
		  Approach, Vol. I",
  publisher = 	 "Tioga",
  year = 	 "1983",
  address =	 "Palo Alto, CA"
}

@Book{DudaHart2nd,
  author =       "R. O. Duda and P. E. Hart and D. G. Stork",
  title =        "Pattern Classification",
  publisher =    "John Wiley and Sons",
  edition =      "2nd",
  year =         "2000"
}

@misc{anonymous,
  title= {Suppressed for Anonymity},
  author= {Author, N. N.},
  year= {2011},
}

@InCollection{Newell81,
  author =       "A. Newell and P. S. Rosenbloom",
  title =        "Mechanisms of Skill Acquisition and the Law of
                  Practice", 
  booktitle =    "Cognitive Skills and Their Acquisition",
  pages =        "1--51",
  publisher =    "Lawrence Erlbaum Associates, Inc.",
  year =         "1981",
  editor =       "J. R. Anderson",
  chapter =      "1",
  address =      "Hillsdale, NJ"
}


@Article{Samuel59,
  author = 	 "A. L. Samuel",
  title = 	 "Some Studies in Machine Learning Using the Game of
		  Checkers",
  journal =	 "IBM Journal of Research and Development",
  year =	 "1959",
  volume =	 "3",
  number =	 "3",
  pages =	 "211--229"
}
@inproceedings{li2016pruning,
  author    = {Hao Li and
               Asim Kadav and
               Igor Durdanovic and
               Hanan Samet and
               Hans Peter Graf},
  title     = {Pruning Filters for Efficient ConvNets},
  booktitle = {5th International Conference on Learning Representations},
  year      = {2017}
}
@inproceedings{molchanov2016pruning,
  author    = {Pavlo Molchanov and
               Stephen Tyree and
               Tero Karras and
               Timo Aila and
               Jan Kautz},
  title     = {Pruning Convolutional Neural Networks for Resource Efficient Inference},
  booktitle = {5th International Conference on Learning Representations},
  year      = {2017}
}

@inproceedings{guo2016dynamic,
  title={Dynamic network surgery for efficient dnns},
  author={Guo, Yiwen and Yao, Anbang and Chen, Yurong},
  booktitle={Advances In Neural Information Processing Systems},
  pages={1379--1387},
  year={2016}
}






@inproceedings{hassibi1993second,
  title={Second order derivatives for network pruning: Optimal brain surgeon},
  author={Hassibi, Babak and Stork, David G},
  booktitle={Advances in neural information processing systems},
  pages={164--171},
  year={1993}
}

@incollection{NIPS1989_250,
title = {Optimal Brain Damage},
author = {LeCun, Yann and John S. Denker and Sara A. Solla},
booktitle = {Advances in Neural Information Processing Systems 2},
editor = {D. S. Touretzky},
pages = {598--605},
year = {1990},
publisher = {Morgan-Kaufmann},
url = {http://papers.nips.cc/paper/250-optimal-brain-damage.pdf}
}


@inproceedings{han2015deep,
  author    = {Song Han and
               Huizi Mao and
               William J. Dally},
  title     = {Deep Compression: Compressing Deep Neural Network with Pruning, Trained
               Quantization and Huffman Coding},
  booktitle = {4th International Conference on Learning Representations},
  year      = {2016}
}

@inproceedings{han2015learning,
  title={Learning both weights and connections for efficient neural network},
  author={Han, Song and Pool, Jeff and Tran, John and Dally, William},
  booktitle={Advances in Neural Information Processing Systems},
  pages={1135--1143},
  year={2015}
}

@inproceedings{han2016eie,
  title={EIE: efficient inference engine on compressed deep neural network},
  author={Han, Song and Liu, Xingyu and Mao, Huizi and Pu, Jing and Pedram, Ardavan and Horowitz, Mark A and Dally, William J},
  booktitle={Proceedings of the 43rd International Symposium on Computer Architecture},
  pages={243--254},
  year={2016},
  organization={IEEE Press}
}

@article{abbasi2017structural,
  title={Structural Compression of Convolutional Neural Networks Based on Greedy Filter Pruning},
  author={Abbasi-Asl, Reza and Yu, Bin},
  journal={arXiv preprint arXiv:1705.07356},
  year={2017}
}

@article{hu2016network,
  title={Network Trimming: A data-driven neuron pruning approach towards efficient deep architectures},
  author={Hu, Hengyuan and Peng, Rui and Tai, Yu-Wing and Tang, Chi-Keung},
  journal={arXiv preprint arXiv:1607.03250},
  year={2016}
}

@article{lecun1998gradient,
  title={Gradient-based learning applied to document recognition},
  author={LeCun, Yann and Bottou, L{\'e}on and Bengio, Yoshua and Haffner, Patrick},
  journal={Proceedings of the IEEE},
  volume={86},
  number={11},
  pages={2278--2324},
  year={1998},
  publisher={IEEE}
}

@misc{caffe-lenet,
  author = {Jia Yangqing},
  title = {{Caffe LeNet-5}},
  howpublished = "\url{https://github.com/BVLC/caffe/tree/master/examples/mnist/}",
  year = {2014}, 
}

@inproceedings{krizhevsky2012imagenet,
  title={Imagenet classification with deep convolutional neural networks},
  author={Krizhevsky, Alex and Sutskever, Ilya and Hinton, Geoffrey E},
  booktitle={Advances in neural information processing systems},
  pages={1097--1105},
  year={2012}
}

@inproceedings{simonyan2014very,
  author    = {Karen Simonyan and
               Andrew Zisserman},
  title     = {Very Deep Convolutional Networks for Large-Scale Image Recognition},
  booktitle = {3rd International Conference on Learning Representations},
  year      = {2015}
}

@inproceedings{long2015fully,
  title={Fully convolutional networks for semantic segmentation},
  author={Long, Jonathan and Shelhamer, Evan and Darrell, Trevor},
  booktitle={Proceedings of the IEEE Conference on Computer Vision and Pattern Recognition},
  pages={3431--3440},
  year={2015}
}

@article{redmon2016yolo9000,
  title={YOLO9000: better, faster, stronger},
  author={Redmon, Joseph and Farhadi, Ali},
  journal={arXiv preprint arXiv:1612.08242},
  year={2016}
}

@article{lin2013network,
  title={Network in network},
  author={Lin, Min and Chen, Qiang and Yan, Shuicheng},
  journal={arXiv preprint arXiv:1312.4400},
  year={2013}
}

@inproceedings{he2016deep,
  title={Deep residual learning for image recognition},
  author={He, Kaiming and Zhang, Xiangyu and Ren, Shaoqing and Sun, Jian},
  booktitle={Proceedings of the IEEE conference on computer vision and pattern recognition},
  pages={770--778},
  year={2016}
}





@article{wolfe2017incredible,
  title={The Incredible Shrinking Neural Network: New Perspectives on Learning Representations Through The Lens of Pruning},
  author={Wolfe, Nikolas and Sharma, Aditya and Drude, Lukas and Raj, Bhiksha},
  journal={arXiv preprint arXiv:1701.04465},
  year={2017}
}

@inproceedings{ioffe2015batch,
  title={Batch normalization: Accelerating deep network training by reducing internal covariate shift},
  author={Ioffe, Sergey and Szegedy, Christian},
  booktitle={International Conference on Machine Learning},
  pages={448--456},
  year={2015}
}

@article{srivastava2014dropout,
  title={Dropout: a simple way to prevent neural networks from overfitting.},
  author={Srivastava, Nitish and Hinton, Geoffrey E and Krizhevsky, Alex and Sutskever, Ilya and Salakhutdinov, Ruslan},
  journal={Journal of machine learning research},
  volume={15},
  number={1},
  pages={1929--1958},
  year={2014}
}

@inproceedings{lebedev2016fast,
  title={Fast convnets using group-wise brain damage},
  author={Lebedev, Vadim and Lempitsky, Victor},
  booktitle={Proceedings of the IEEE Conference on Computer Vision and Pattern Recognition},
  pages={2554--2564},
  year={2016}
}


@inproceedings{he2017channel,
  title={Channel pruning for accelerating very deep neural networks},
  author={He, Yihui and Zhang, Xiangyu and Sun, Jian},
  booktitle={International Conference on Computer Vision (ICCV)},
  volume={2},
  pages={6},
  year={2017}
}

@inproceedings{luo2017thinet,
  author    = {Jian{-}Hao Luo and
               Jianxin Wu and
               Weiyao Lin},
  title     = {ThiNet: {A} Filter Level Pruning Method for Deep Neural Network Compression},
  booktitle = {{IEEE} International Conference on Computer Vision},
  pages     = {5068--5076},
  year      = {2017}
}

@article{yu2017nisp,
  title={NISP: Pruning Networks using Neuron Importance Score Propagation},
  author={Yu, Ruichi and Li, Ang and Chen, Chun-Fu and Lai, Jui-Hsin and Morariu, Vlad I and Han, Xintong and Gao, Mingfei and Lin, Ching-Yung and Davis, Larry S},
  journal={arXiv preprint arXiv:1711.05908},
  year={2017}
}

@inproceedings{huang2017densely,
  title={Densely connected convolutional networks},
  author={Huang, Gao and Liu, Zhuang and Weinberger, Kilian Q and van der Maaten, Laurens},
  booktitle={Proceedings of the IEEE conference on computer vision and pattern recognition},
  pages     = {2261--2269},
  year      = {2017},
}

@inproceedings{lecun1990optimal,
  title={Optimal brain damage},
  author={LeCun, Yann and Denker, John S and Solla, Sara A},
  booktitle={Advances in neural information processing systems},
  pages={598--605},
  year={1990}
}



@inproceedings{deng2009imagenet,
  title={Imagenet: A large-scale hierarchical image database},
  author={Deng, Jia and Dong, Wei and Socher, Richard and Li, Li-Jia and Li, Kai and Fei-Fei, Li},
  booktitle={Computer Vision and Pattern Recognition, 2009. CVPR 2009. IEEE Conference on},
  pages={248--255},
  year={2009},
  organization={IEEE}
}

@inproceedings{zeiler2014visualizing,
  title={Visualizing and understanding convolutional networks},
  author={Zeiler, Matthew D and Fergus, Rob},
  booktitle={European conference on computer vision},
  pages={818--833},
  year={2014},
  organization={Springer}
}
@article{yosinski2015understanding,
  title={Understanding neural networks through deep visualization},
  author={Yosinski, Jason and Clune, Jeff and Nguyen, Anh and Fuchs, Thomas and Lipson, Hod},
  journal={arXiv preprint arXiv:1506.06579},
  year={2015}
}
@inproceedings{denil2013predicting,
  title={Predicting parameters in deep learning},
  author={Denil, Misha and Shakibi, Babak and Dinh, Laurent and De Freitas, Nando and others},
  booktitle={Advances in neural information processing systems},
  pages={2148--2156},
  year={2013}
}
@inproceedings{kim2015compression,
  author    = {Yong{-}Deok Kim and
               Eunhyeok Park and
               Sungjoo Yoo and
               Taelim Choi and
               Lu Yang and
               Dongjun Shin},
  title     = {Compression of Deep Convolutional Neural Networks for Fast and Low
               Power Mobile Applications},
  booktitle = {4th International Conference on Learning Representations},
  year      = {2016}
}
@inproceedings{wang2016cnnpack,
  title={Cnnpack: Packing convolutional neural networks in the frequency domain},
  author={Wang, Yunhe and Xu, Chang and You, Shan and Tao, Dacheng and Xu, Chao},
  booktitle={Advances in neural information processing systems},
  pages={253--261},
  year={2016}
}
@inproceedings{wang2017beyond,
  title={Beyond filters: Compact feature map for portable deep model},
  author={Wang, Yunhe and Xu, Chang and Xu, Chao and Tao, Dacheng},
  booktitle={International Conference on Machine Learning},
  pages={3703--3711},
  year={2017}
}


@inproceedings{figurnov2016perforatedcnns,
  title={PerforatedCNNs: Acceleration through elimination of redundant convolutions},
  author={Figurnov, Mikhail and Ibraimova, Aizhan and Vetrov, Dmitry P and Kohli, Pushmeet},
  booktitle={Advances in Neural Information Processing Systems},
  pages={947--955},
  year={2016}
}

----old theories:
@article{castellano1997iterative,
  title={An iterative pruning algorithm for feedforward neural networks},
  author={Castellano, Giovanna and Fanelli, Anna Maria and Pelillo, Marcello},
  journal={IEEE transactions on Neural networks},
  volume={8},
  number={3},
  pages={519--531},
  year={1997},
  publisher={IEEE}
}
@article{stepniewski1997pruning,
  title={Pruning backpropagation neural networks using modern stochastic optimisation techniques},
  author={Stepniewski, Slawomir W and Keane, Andy J},
  journal={Neural Computing \& Applications},
  volume={5},
  number={2},
  pages={76--98},
  year={1997},
  publisher={Springer}
}

----fast conv by FFT
@inproceedings{mathieu2013fast,
  author    = {Micha{\"{e}}l Mathieu and
               Mikael Henaff and
               Yann LeCun},
  title     = {Fast Training of Convolutional Networks through FFTs},
  booktitle = {2nd International Conference on Learning Representations},
  year      = {2014},
}
@inproceedings{vasilache2014fast,
  author    = {Nicolas Vasilache and
               Jeff Johnson and
               Micha{\"{e}}l Mathieu and
               Soumith Chintala and
               Serkan Piantino and
               Yann LeCun},
  title     = {Fast Convolutional Nets With fbfft: {A} {GPU} Performance Evaluation},
  booktitle = {3rd International Conference on Learning Representations},
  year      = {2015}
}

----approximate or decompose
@inproceedings{sindhwani2015structured,
  title={Structured transforms for small-footprint deep learning},
  author={Sindhwani, Vikas and Sainath, Tara and Kumar, Sanjiv},
  booktitle={Advances in Neural Information Processing Systems},
  pages={3088--3096},
  year={2015}
}
@inproceedings{jaderberg2014speeding,
  author    = {Max Jaderberg and
               Andrea Vedaldi and
               Andrew Zisserman},
  title     = {Speeding up Convolutional Neural Networks with Low Rank Expansions},
  booktitle = {British Machine Vision Conference},
  year      = {2014}
}
@article{zhang2016accelerating,
  title={Accelerating very deep convolutional networks for classification and detection},
  author={Zhang, Xiangyu and Zou, Jianhua and He, Kaiming and Sun, Jian},
  journal={IEEE transactions on pattern analysis and machine intelligence},
  volume={38},
  number={10},
  pages={1943--1955},
  year={2016},
  publisher={IEEE}
}
@inproceedings{sainath2013low,
  title={Low-rank matrix factorization for deep neural network training with high-dimensional output targets},
  author={Sainath, Tara N and Kingsbury, Brian and Sindhwani, Vikas and Arisoy, Ebru and Ramabhadran, Bhuvana},
  booktitle={Acoustics, Speech and Signal Processing (ICASSP), 2013 IEEE International Conference on},
  pages={6655--6659},
  year={2013},
  organization={IEEE}
}
@inproceedings{xue2013restructuring,
  title={Restructuring of deep neural network acoustic models with singular value decomposition.},
  author={Xue, Jian and Li, Jinyu and Gong, Yifan},
  booktitle={Interspeech},
  pages={2365--2369},
  year={2013}
}
@inproceedings{alvarez2017compression,
  title={Compression-aware Training of Deep Networks},
  author={Alvarez, Jose M and Salzmann, Mathieu},
  booktitle={Advances in Neural Information Processing Systems},
  pages={856--867},
  year={2017}
}


----quantization and binarization
@inproceedings{rastegari2016xnor,
  title={Xnor-net: Imagenet classification using binary convolutional neural networks},
  author={Rastegari, Mohammad and Ordonez, Vicente and Redmon, Joseph and Farhadi, Ali},
  booktitle={European Conference on Computer Vision},
  pages={525--542},
  year={2016},
  organization={Springer}
}
@article{courbariaux2016binarized,
  title={Binarized neural networks: Training deep neural networks with weights and activations constrained to+ 1 or-1},
  author={Courbariaux, Matthieu and Hubara, Itay and Soudry, Daniel and El-Yaniv, Ran and Bengio, Yoshua},
  journal={arXiv preprint arXiv:1602.02830},
  year={2016}
}
@inproceedings{wu2016quantized,
  title={Quantized convolutional neural networks for mobile devices},
  author={Wu, Jiaxiang and Leng, Cong and Wang, Yuhang and Hu, Qinghao and Cheng, Jian},
  booktitle={Proceedings of the IEEE Conference on Computer Vision and Pattern Recognition},
  pages={4820--4828},
  year={2016}
}
@inproceedings{gupta2015deep,
  title={Deep learning with limited numerical precision},
  author={Gupta, Suyog and Agrawal, Ankur and Gopalakrishnan, Kailash and Narayanan, Pritish},
  booktitle={International Conference on Machine Learning},
  pages={1737--1746},
  year={2015}
}
@inproceedings{DBLP:conf/eccv/LiuWLYLC18,
  author    = {Zechun Liu and
               Baoyuan Wu and
               Wenhan Luo and
               Xin Yang and
               Wei Liu and
               Kwang{-}Ting Cheng},
  editor    = {Vittorio Ferrari and
               Martial Hebert and
               Cristian Sminchisescu and
               Yair Weiss},
  title     = {Bi-Real Net: Enhancing the Performance of 1-Bit CNNs with Improved
               Representational Capability and Advanced Training Algorithm},
  booktitle = {Computer Vision - {ECCV} 2018 - 15th European Conference, Munich,
               Germany, September 8-14, 2018, Proceedings, Part {XV}},
  series    = {Lecture Notes in Computer Science},
  volume    = {11219},
  pages     = {747--763},
  publisher = {Springer},
  year      = {2018},
  url       = {https://doi.org/10.1007/978-3-030-01267-0\_44},
  doi       = {10.1007/978-3-030-01267-0\_44},
  timestamp = {Thu, 12 Sep 2019 15:28:49 +0200},
  biburl    = {https://dblp.org/rec/conf/eccv/LiuWLYLC18.bib},
  bibsource = {dblp computer science bibliography, https://dblp.org}
}


----distillation
@inproceedings{ba2014deep,
  title={Do deep nets really need to be deep?},
  author={Ba, Jimmy and Caruana, Rich},
  booktitle={Advances in neural information processing systems},
  pages={2654--2662},
  year={2014}
}
@article{hinton2015distilling,
  title={Distilling the knowledge in a neural network},
  author={Hinton, Geoffrey and Vinyals, Oriol and Dean, Jeff},
  journal={arXiv preprint arXiv:1503.02531},
  year={2015}
}

@inproceedings{romero2014fitnets,
  author    = {Adriana Romero and
               Nicolas Ballas and
               Samira Ebrahimi Kahou and
               Antoine Chassang and
               Carlo Gatta and
               Yoshua Bengio},
  title     = {FitNets: Hints for Thin Deep Nets},
  booktitle = {3rd International Conference on Learning Representations},
  year      = {2015}
}

----another batch of citations
@article{he2018adc,
  title={ADC: Automated Deep Compression and Acceleration with Reinforcement Learning},
  author={He, Yihui and Han, Song},
  journal={arXiv preprint arXiv:1802.03494},
  year={2018}
}
@inproceedings{cheng2015exploration,
  title={An exploration of parameter redundancy in deep networks with circulant projections},
  author={Cheng, Yu and Yu, Felix X and Feris, Rogerio S and Kumar, Sanjiv and Choudhary, Alok and Chang, Shi-Fu},
  booktitle={Proceedings of the IEEE International Conference on Computer Vision},
  pages={2857--2865},
  year={2015}
}



@article{collins2014memory,
  title={Memory bounded deep convolutional networks},
  author={Collins, Maxwell D and Kohli, Pushmeet},
  journal={arXiv preprint arXiv:1412.1442},
  year={2014}
}

----importance
@article{polyak2015channel,
  title={Channel-level acceleration of deep face representations},
  author={Polyak, Adam and Wolf, Lior},
  journal={IEEE Access},
  volume={3},
  pages={2163--2175},
  year={2015},
  publisher={IEEE}
}
@article{anwar2017structured,
  title={Structured pruning of deep convolutional neural networks},
  author={Anwar, Sajid and Hwang, Kyuyeon and Sung, Wonyong},
  journal={ACM Journal on Emerging Technologies in Computing Systems (JETC)},
  volume={13},
  number={3},
  pages={32},
  year={2017},
  publisher={ACM}
}

@article{Srinivas2017TrainingSN,
  title={Training Sparse Neural Networks},
  author={Suraj Srinivas and Akshayvarun Subramanya and R. Venkatesh Babu},
  journal={2017 IEEE Conference on Computer Vision and Pattern Recognition Workshops (CVPRW)},
  year={2017},
  pages={455-462}
}
----zero out
@inproceedings{roth2008group,
  title={The group-lasso for generalized linear models: uniqueness of solutions and efficient algorithms},
  author={Roth, Volker and Fischer, Bernd},
  booktitle={Proceedings of the 25th international conference on Machine learning},
  pages={848--855},
  year={2008},
  organization={ACM}
}
@inproceedings{liu2017learning,
  title={Learning efficient convolutional networks through network slimming},
  author={Liu, Zhuang and Li, Jianguo and Shen, Zhiqiang and Huang, Gao and Yan, Shoumeng and Zhang, Changshui},
  booktitle={2017 IEEE International Conference on Computer Vision (ICCV)},
  pages={2755--2763},
  year={2017},
  organization={IEEE}
}
@inproceedings{zhou2016less,
  title={Less is more: Towards compact cnns},
  author={Zhou, Hao and Alvarez, Jose M and Porikli, Fatih},
  booktitle={European Conference on Computer Vision},
  pages={662--677},
  year={2016},
  organization={Springer}
}
@inproceedings{alvarez2016learning,
  title={Learning the number of neurons in deep networks},
  author={Alvarez, Jose M and Salzmann, Mathieu},
  booktitle={Advances in Neural Information Processing Systems},
  pages={2270--2278},
  year={2016}
}
@inproceedings{wen2016learning,
  title={Learning structured sparsity in deep neural networks},
  author={Wen, Wei and Wu, Chunpeng and Wang, Yandan and Chen, Yiran and Li, Hai},
  booktitle={Advances in Neural Information Processing Systems},
  pages={2074--2082},
  year={2016}
}
@inproceedings{liu2015sparse,
  title={Sparse convolutional neural networks},
  author={Liu, Baoyuan and Wang, Min and Foroosh, Hassan and Tappen, Marshall and Pensky, Marianna},
  booktitle={Proceedings of the IEEE Conference on Computer Vision and Pattern Recognition},
  pages={806--814},
  year={2015}
}


----networks
@article{lin2013network,
  title={Network in network},
  author={Lin, Min and Chen, Qiang and Yan, Shuicheng},
  journal={arXiv preprint arXiv:1312.4400},
  year={2013}
}

----cifar-10
@techreport{krizhevsky2009learning,
  title={Learning multiple layers of features from tiny images},
  author={Krizhevsky, Alex and Hinton, Geoffrey},
  year={2009},
  publisher={Citeseer}
}

----tf
@inproceedings{abadi2016tensorflow,
  title={TensorFlow: A System for Large-Scale Machine Learning.},
  author={Abadi, Mart{\'\i}n and Barham, Paul and Chen, Jianmin and Chen, Zhifeng and Davis, Andy and Dean, Jeffrey and Devin, Matthieu and Ghemawat, Sanjay and Irving, Geoffrey and Isard, Michael and others},
  booktitle={OSDI},
  volume={16},
  pages={265--283},
  year={2016}
}

----application fields
@inproceedings{collobert2008unified,
  title={A unified architecture for natural language processing: Deep neural networks with multitask learning},
  author={Collobert, Ronan and Weston, Jason},
  booktitle={Proceedings of the 25th international conference on Machine learning},
  pages={160--167},
  year={2008},
  organization={ACM}
}
@inproceedings{lecun1990handwritten,
  title={Handwritten digit recognition with a back-propagation network},
  author={LeCun, Yann and Boser, Bernhard E and Denker, John S and Henderson, Donnie and Howard, Richard E and Hubbard, Wayne E and Jackel, Lawrence D},
  booktitle={Advances in neural information processing systems},
  pages={396--404},
  year={1990}
}
@article{lecun1995convolutional,
  title={Convolutional networks for images, speech, and time series},
  author={LeCun, Yann and Bengio, Yoshua and others},
  journal={The handbook of brain theory and neural networks},
  volume={3361},
  number={10},
  pages={1995},
  year={1995}
}
@article{lawrence1997face,
  title={Face recognition: A convolutional neural-network approach},
  author={Lawrence, Steve and Giles, C Lee and Tsoi, Ah Chung and Back, Andrew D},
  journal={IEEE transactions on neural networks},
  volume={8},
  number={1},
  pages={98--113},
  year={1997},
  publisher={IEEE}
}

----redundancy is necessary
@article{hinton2012improving,
  title={Improving neural networks by preventing co-adaptation of feature detectors},
  author={Hinton, Geoffrey E and Srivastava, Nitish and Krizhevsky, Alex and Sutskever, Ilya and Salakhutdinov, Ruslan R},
  journal={arXiv preprint arXiv:1207.0580},
  year={2012}
}
@inproceedings{denton2014exploiting,
  title={Exploiting linear structure within convolutional networks for efficient evaluation},
  author={Denton, Emily L and Zaremba, Wojciech and Bruna, Joan and LeCun, Yann and Fergus, Rob},
  booktitle={Advances in neural information processing systems},
  pages={1269--1277},
  year={2014}
}
@inproceedings{snoek2012practical,
  title={Practical bayesian optimization of machine learning algorithms},
  author={Snoek, Jasper and Larochelle, Hugo and Adams, Ryan P},
  booktitle={Advances in neural information processing systems},
  pages={2951--2959},
  year={2012}
}
@article{hartigan1979algorithm,
  title={Algorithm AS 136: A k-means clustering algorithm},
  author={Hartigan, John A and Wong, Manchek A},
  journal={Journal of the Royal Statistical Society. Series C (Applied Statistics)},
  volume={28},
  number={1},
  pages={100--108},
  year={1979},
  publisher={JSTOR}
}
@inproceedings{krogh1992simple,
  title={A simple weight decay can improve generalization},
  author={Krogh, Anders and Hertz, John A},
  booktitle={Advances in neural information processing systems},
  pages={950--957},
  year={1992}
}





-------------------most recent pruning works
@inproceedings{wang2017structured,
  author    = {Huan Wang and
               Qiming Zhang and
               Yuehai Wang and
               Haoji Hu},
  title     = {Structured Probabilistic Pruning for Convolutional Neural Network
               Acceleration},
  booktitle = {British Machine Vision Conference 2018},
  pages     = {149},
  year      = {2018}
}
@article{luo2018autopruner,
  title={AutoPruner: An End-to-End Trainable Filter Pruning Method for Efficient Deep Model Inference},
  author={Luo, Jian-Hao and Wu, Jianxin},
  journal={arXiv preprint arXiv:1805.08941},
  year={2018}
}
@inproceedings{yu2018nisp,
  title={Nisp: Pruning networks using neuron importance score propagation},
  author={Yu, Ruichi and Li, Ang and Chen, Chun-Fu and Lai, Jui-Hsin and Morariu, Vlad I and Han, Xintong and Gao, Mingfei and Lin, Ching-Yung and Davis, Larry S},
  booktitle={Proceedings of the IEEE Conference on Computer Vision and Pattern Recognition},
  pages={9194--9203},
  year={2018}
}

@article{lin2019towards,
  title={Towards Compact ConvNets via Structure-Sparsity Regularized Filter Pruning},
  author={Lin, Shaohui and Ji, Rongrong and Li, Yuchao and Deng, Cheng and Li, Xuelong},
  journal={arXiv preprint arXiv:1901.07827},
  year={2019}
}
@inproceedings{wang2018structured,
  author    = {Huan Wang and
               Qiming Zhang and
               Yuehai Wang and
               Lu Yu and
               Haoji Hu},
  title     = {Structured Pruning for Efficient ConvNets via Incremental Regularization},
  booktitle = {International Joint Conference on Neural Networks},
  pages     = {1--8},
  year      = {2019}
}
@article{wang2018exploring,
  title={Exploring Linear Relationship in Feature Map Subspace for ConvNets Compression},
  author={Wang, Dong and Zhou, Lei and Zhang, Xueni and Bai, Xiao and Zhou, Jun},
  journal={arXiv preprint arXiv:1803.05729},
  year={2018}
}
@inproceedings{lin2018accelerating,
  title={Accelerating Convolutional Networks via Global \& Dynamic Filter Pruning.},
  author={Lin, Shaohui and Ji, Rongrong and Li, Yuchao and Wu, Yongjian and Huang, Feiyue and Zhang, Baochang},
  booktitle={IJCAI},
  pages={2425--2432},
  year={2018}
}
@inproceedings{zhuang2018discrimination,
  title={Discrimination-aware channel pruning for deep neural networks},
  author={Zhuang, Zhuangwei and Tan, Mingkui and Zhuang, Bohan and Liu, Jing and Guo, Yong and Wu, Qingyao and Huang, Junzhou and Zhu, Jinhui},
  booktitle={Advances in Neural Information Processing Systems},
  pages={883--894},
  year={2018}
}
@article{singh2018leveraging,
  title={Leveraging Filter Correlations for Deep Model Compression},
  author={Singh, Pravendra and Verma, Vinay Kumar and Rai, Piyush and Namboodiri, Vinay P},
  journal={arXiv preprint arXiv:1811.10559},
  year={2018}
}
@article{xu2018hybrid,
  title={Hybrid Pruning: Thinner Sparse Networks for Fast Inference on Edge Devices},
  author={Xu, Xiaofan and Park, Mi Sun and Brick, Cormac},
  journal={arXiv preprint arXiv:1811.00482},
  year={2018}
}

@inproceedings{he2018soft,
  author    = {Yang He and
               Guoliang Kang and
               Xuanyi Dong and
               Yanwei Fu and
               Yi Yang},
  title     = {Soft Filter Pruning for Accelerating Deep Convolutional Neural Networks},
  booktitle = {Proceedings of the Twenty-Seventh International Joint Conference on
               Artificial Intelligence},
  pages     = {2234--2240},
  year      = {2018}
}
@article{wang2018graph,
  title={Graph-Adaptive Pruning for Efficient Inference of Convolutional Neural Networks},
  author={Wang, Mengdi and Zhang, Qing and Yang, Jun and Cui, Xiaoyuan and Lin, Wei},
  journal={arXiv preprint arXiv:1811.08589},
  year={2018}
}

-------------- recent competitors with experiments on VC
@article{zhou2018network,
  title={Network Compression via Recursive Bayesian Pruning},
  author={Zhou, Yuefu and Zhang, Ya and Wang, Yanfeng and Tian, Qi},
  journal={arXiv preprint arXiv:1812.00353},
  year={2018}
}
@article{hu2018novel,
  title={A novel channel pruning method for deep neural network compression},
  author={Hu, Yiming and Sun, Siyang and Li, Jianquan and Wang, Xingang and Gu, Qingyi},
  journal={arXiv preprint arXiv:1805.11394},
  year={2018}
}
@inproceedings{huang2018learning,
  title={Learning to prune filters in convolutional neural networks},
  author={Huang, Qiangui and Zhou, Kevin and You, Suya and Neumann, Ulrich},
  booktitle={2018 IEEE Winter Conference on Applications of Computer Vision (WACV)},
  pages={709--718},
  year={2018},
  organization={IEEE}
}
@article{min20182pfpce,
  title={2PFPCE: Two-Phase Filter Pruning Based on Conditional Entropy},
  author={Min, Chuhan and Wang, Aosen and Chen, Yiran and Xu, Wenyao and Chen, Xin},
  journal={arXiv preprint arXiv:1809.02220},
  year={2018}
}
@techreport{xu2018globally,
  title={Globally Soft Filter Pruning For Efficient Convolutional Neural Networks},
  author={Xu, Ke and Wang, Xiaoyun and Jia, Qun and An, Jianjing and Wang, Dong},
  year={2018}
}
@inproceedings{zhu2018improving,
  title={Improving deep neural network sparsity through decorrelation regularization},
  author={Zhu, Xiaotian and Zhou, Wengang and Li, Houqiang},
  booktitle={Proceedings of the 27th International Joint Conference on Artificial Intelligence},
  pages={3264--3270},
  year={2018},
  organization={AAAI Press}
}
@inproceedings{jiang2018efficient,
  title={Efficient DNN neuron pruning by minimizing layer-wise nonlinear reconstruction error},
  author={Jiang, Chunhui and Li, Guiying and Qian, Chao and Tang, Ke},
  booktitle={Proceedings of the 27th International Joint Conference on Artificial Intelligence},
  pages={2298--2304},
  year={2018},
  organization={AAAI Press}
}
@inproceedings{singh2018stability,
  author    = {Pravendra Singh and
               Vinay Sameer Raja Kadi and
               Nikhil Verma and
               Vinay P. Namboodiri},
  title     = {Stability Based Filter Pruning for Accelerating Deep CNNs},
  booktitle = {{IEEE} Winter Conference on Applications of Computer Vision},
  pages     = {1166--1174},
  year      = {2019}
}

---------other recent competitors
@inproceedings{he2018amc,
  title={AMC: AutoML for Model Compression and Acceleration on Mobile Devices},
  author={He, Yihui and Lin, Ji and Liu, Zhijian and Wang, Hanrui and Li, Li-Jia and Han, Song},
  booktitle={European Conference on Computer Vision},
  pages={815--832},
  year={2018},
  organization={Springer}
}
@inproceedings{paszke2017automatic,
  title={Automatic differentiation in PyTorch},
  author={Paszke, Adam and Gross, Sam and Chintala, Soumith and Chanan, Gregory and Yang, Edward and DeVito, Zachary and Lin, Zeming and Desmaison, Alban and Antiga, Luca and Lerer, Adam},
  booktitle={NIPS-W},
  year={2017}
}

@inproceedings{zagoruyko2016wide,
  author    = {Sergey Zagoruyko and
               Nikos Komodakis},
  title     = {Wide Residual Networks},
  booktitle = {Proceedings of the British Machine Vision Conference 2016},
  year      = {2016},
}
@inproceedings{liu2018rethinking,
  author    = {Zhuang Liu and
               Mingjie Sun and
               Tinghui Zhou and
               Gao Huang and
               Trevor Darrell},
  title     = {Rethinking the Value of Network Pruning},
  booktitle = {7th International Conference on Learning Representations},
  year      = {2019}
}

@inproceedings{ding2018auto,
  title={Auto-balanced filter pruning for efficient convolutional neural networks},
  author={Ding, Xiaohan and Ding, Guiguang and Han, Jungong and Tang, Sheng},
  booktitle={Thirty-Second AAAI Conference on Artificial Intelligence},
  pages     = {6797--6804},
  year={2018}
}

@inproceedings{zhang2018systematic,
  title={A systematic dnn weight pruning framework using alternating direction method of multipliers},
  author={Zhang, Tianyun and Ye, Shaokai and Zhang, Kaiqi and Tang, Jian and Wen, Wujie and Fardad, Makan and Wang, Yanzhi},
  booktitle={Proceedings of the European Conference on Computer Vision (ECCV)},
  pages={184--199},
  year={2018}
}


@article{mobilev1,
  author    = {Andrew G. Howard and
               Menglong Zhu and
               Bo Chen and
               Dmitry Kalenichenko and
               Weijun Wang and
               Tobias Weyand and
               Marco Andreetto and
               Hartwig Adam},
  title     = {MobileNets: Efficient Convolutional Neural Networks for Mobile Vision
               Applications},
  journal   = {CoRR},
  volume    = {abs/1704.04861},
  year      = {2017},
  url       = {http://arxiv.org/abs/1704.04861},
  archivePrefix = {arXiv},
  eprint    = {1704.04861},
  timestamp = {Mon, 13 Aug 2018 16:46:35 +0200},
  biburl    = {https://dblp.org/rec/bib/journals/corr/HowardZCKWWAA17},
  bibsource = {dblp computer science bibliography, https://dblp.org}
}

@inproceedings{mobilev2,
  author    = {Mark Sandler and
               Andrew G. Howard and
               Menglong Zhu and
               Andrey Zhmoginov and
               Liang{-}Chieh Chen},
  title     = {MobileNetV2: Inverted Residuals and Linear Bottlenecks},
  booktitle = {2018 {IEEE} Conference on Computer Vision and Pattern Recognition,
               {CVPR} 2018, Salt Lake City, UT, USA, June 18-22, 2018},
  pages     = {4510--4520},
  year      = {2018},
  crossref  = {DBLP:conf/cvpr/2018},
  url       = {http://openaccess.thecvf.com/content\_cvpr\_2018/html/Sandler\_MobileNetV2\_Inverted\_Residuals\_CVPR\_2018\_paper.html},
  doi       = {10.1109/CVPR.2018.00474},
  timestamp = {Wed, 06 Feb 2019 10:30:32 +0100},
  biburl    = {https://dblp.org/rec/bib/conf/cvpr/SandlerHZZC18},
  bibsource = {dblp computer science bibliography, https://dblp.org}
}
@proceedings{DBLP:conf/cvpr/2018,
  title     = {2018 {IEEE} Conference on Computer Vision and Pattern Recognition,
               {CVPR} 2018, Salt Lake City, UT, USA, June 18-22, 2018},
  publisher = {{IEEE} Computer Society},
  year      = {2018},
  url       = {http://ieeexplore.ieee.org/xpl/mostRecentIssue.jsp?punumber=8576498},
  timestamp = {Sun, 27 Jan 2019 13:06:48 +0100},
  biburl    = {https://dblp.org/rec/bib/conf/cvpr/2018},
  bibsource = {dblp computer science bibliography, https://dblp.org}
}






@article{SASL,
  author    = {Jun Shi and
               Jianfeng Xu and
               Kazuyuki Tasaka and
               Zhibo Chen},
  title     = {{SASL:} Saliency-Adaptive Sparsity Learning for Neural Network Acceleration},
  journal   = {CoRR},
  volume    = {abs/2003.05891},
  year      = {2020},
  url       = {https://arxiv.org/abs/2003.05891},
  archivePrefix = {arXiv},
  eprint    = {2003.05891},
  timestamp = {Tue, 17 Mar 2020 14:18:27 +0100},
  biburl    = {https://dblp.org/rec/journals/corr/abs-2003-05891.bib},
  bibsource = {dblp computer science bibliography, https://dblp.org}
}
@inproceedings{CSGD,
  author    = {Xiaohan Ding and
               Guiguang Ding and
               Yuchen Guo and
               Jungong Han},
  title     = {Centripetal {SGD} for Pruning Very Deep Convolutional Networks With
               Complicated Structure},
  booktitle = {{IEEE} Conference on Computer Vision and Pattern Recognition, {CVPR}
               2019, Long Beach, CA, USA, June 16-20, 2019},
  pages     = {4943--4953},
  publisher = {Computer Vision Foundation / {IEEE}},
  year      = {2019},
  url       = {http://openaccess.thecvf.com/content\_CVPR\_2019/html/Ding\_Centripetal\_SGD\_for\_Pruning\_Very\_Deep\_Convolutional\_Networks\_With\_Complicated\_CVPR\_2019\_paper.html},
  doi       = {10.1109/CVPR.2019.00508},
  timestamp = {Mon, 20 Jan 2020 15:36:04 +0100},
  biburl    = {https://dblp.org/rec/conf/cvpr/DingDGH19.bib},
  bibsource = {dblp computer science bibliography, https://dblp.org}
}
@inproceedings{he2020learning,
  title     = {Learning Filter Pruning Criteria for Deep Convolutional Neural Networks Acceleration},
  author    = {He, Yang and Ding, Yuhang and Liu, Ping and Zhu, Linchao and Zhang, Hanwang and Yang, Yi},
  booktitle = {Proceedings of the IEEE Conference on Computer Vision and Pattern Recognition (CVPR)},
  year      = {2020}
}
@inproceedings{GAL,
  author    = {Shaohui Lin and
               Rongrong Ji and
               Chenqian Yan and
               Baochang Zhang and
               Liujuan Cao and
               Qixiang Ye and
               Feiyue Huang and
               David S. Doermann},
  title     = {Towards Optimal Structured {CNN} Pruning via Generative Adversarial
               Learning},
  booktitle = {{IEEE} Conference on Computer Vision and Pattern Recognition, {CVPR}
               2019, Long Beach, CA, USA, June 16-20, 2019},
  pages     = {2790--2799},
  publisher = {Computer Vision Foundation / {IEEE}},
  year      = {2019},
  url       = {http://openaccess.thecvf.com/content\_CVPR\_2019/html/Lin\_Towards\_Optimal\_Structured\_CNN\_Pruning\_via\_Generative\_Adversarial\_Learning\_CVPR\_2019\_paper.html},
  doi       = {10.1109/CVPR.2019.00290},
  timestamp = {Mon, 20 Jan 2020 15:36:04 +0100},
  biburl    = {https://dblp.org/rec/conf/cvpr/LinJYZCYHD19.bib},
  bibsource = {dblp computer science bibliography, https://dblp.org}
}
@inproceedings{GSM,
  author    = {Xiaohan Ding and
               Guiguang Ding and
               Xiangxin Zhou and
               Yuchen Guo and
               Jungong Han and
               Ji Liu},
  editor    = {Hanna M. Wallach and
               Hugo Larochelle and
               Alina Beygelzimer and
               Florence d'Alch{\'{e}}{-}Buc and
               Emily B. Fox and
               Roman Garnett},
  title     = {Global Sparse Momentum {SGD} for Pruning Very Deep Neural Networks},
  booktitle = {Advances in Neural Information Processing Systems 32: Annual Conference
               on Neural Information Processing Systems 2019, NeurIPS 2019, 8-14
               December 2019, Vancouver, BC, Canada},
  pages     = {6379--6391},
  year      = {2019},
  url       = {http://papers.nips.cc/paper/8867-global-sparse-momentum-sgd-for-pruning-very-deep-neural-networks},
  timestamp = {Fri, 06 Mar 2020 17:00:41 +0100},
  biburl    = {https://dblp.org/rec/conf/nips/DingDZGHL19.bib},
  bibsource = {dblp computer science bibliography, https://dblp.org}
}
@article{HRank,
  author    = {Mingbao Lin and
               Rongrong Ji and
               Yan Wang and
               Yichen Zhang and
               Baochang Zhang and
               Yonghong Tian and
               Ling Shao},
  title     = {HRank: Filter Pruning using High-Rank Feature Map},
  journal   = {CoRR},
  volume    = {abs/2002.10179},
  year      = {2020},
  url       = {https://arxiv.org/abs/2002.10179},
  archivePrefix = {arXiv},
  eprint    = {2002.10179},
  timestamp = {Fri, 22 May 2020 15:47:32 +0200},
  biburl    = {https://dblp.org/rec/journals/corr/abs-2002-10179.bib},
  bibsource = {dblp computer science bibliography, https://dblp.org}
}
@inproceedings{FPGM,
  author    = {Yang He and
               Ping Liu and
               Ziwei Wang and
               Zhilan Hu and
               Yi Yang},
  title     = {Filter Pruning via Geometric Median for Deep Convolutional Neural
               Networks Acceleration},
  booktitle = {{IEEE} Conference on Computer Vision and Pattern Recognition, {CVPR}
               2019, Long Beach, CA, USA, June 16-20, 2019},
  pages     = {4340--4349},
  publisher = {Computer Vision Foundation / {IEEE}},
  year      = {2019},
  url       = {http://openaccess.thecvf.com/content\_CVPR\_2019/html/He\_Filter\_Pruning\_via\_Geometric\_Median\_for\_Deep\_Convolutional\_Neural\_Networks\_CVPR\_2019\_paper.html},
  doi       = {10.1109/CVPR.2019.00447},
  timestamp = {Mon, 20 Jan 2020 15:36:04 +0100},
  biburl    = {https://dblp.org/rec/conf/cvpr/HeLWHY19.bib},
  bibsource = {dblp computer science bibliography, https://dblp.org}
}
@article{TRP,
  author    = {Yuhui Xu and
               Yuxi Li and
               Shuai Zhang and
               Wei Wen and
               Botao Wang and
               Yingyong Qi and
               Yiran Chen and
               Weiyao Lin and
               Hongkai Xiong},
  title     = {{TRP:} Trained Rank Pruning for Efficient Deep Neural Networks},
  journal   = {CoRR},
  volume    = {abs/2004.14566},
  year      = {2020},
  url       = {https://arxiv.org/abs/2004.14566},
  archivePrefix = {arXiv},
  eprint    = {2004.14566},
  timestamp = {Mon, 04 May 2020 08:40:02 +0200},
  biburl    = {https://dblp.org/rec/journals/corr/abs-2004-14566.bib},
  bibsource = {dblp computer science bibliography, https://dblp.org}
}
@inproceedings{Metapruning,
  author    = {Zechun Liu and
               Haoyuan Mu and
               Xiangyu Zhang and
               Zichao Guo and
               Xin Yang and
               Kwang{-}Ting Cheng and
               Jian Sun},
  title     = {MetaPruning: Meta Learning for Automatic Neural Network Channel Pruning},
  booktitle = {2019 {IEEE/CVF} International Conference on Computer Vision, {ICCV}
               2019, Seoul, Korea (South), October 27 - November 2, 2019},
  pages     = {3295--3304},
  publisher = {{IEEE}},
  year      = {2019},
  url       = {https://doi.org/10.1109/ICCV.2019.00339},
  doi       = {10.1109/ICCV.2019.00339},
  timestamp = {Mon, 16 Mar 2020 15:48:26 +0100},
  biburl    = {https://dblp.org/rec/conf/iccv/LiuMZG0C019.bib},
  bibsource = {dblp computer science bibliography, https://dblp.org}
}

-------------------neroscience
@article{Dong2016InabilityTA,
  title={Inability to activate Rac1-dependent forgetting contributes to behavioral inflexibility in mutants of multiple autism-risk genes.},
  author={Tao Dong and Jing He and Shiqing Wang and Lianzhang Wang and Yuqi Cheng and Yi Zhong},
  journal={Proceedings of the National Academy of Sciences of the United States of America},
  year={2016},
  volume={113 27},
  pages={
          7644-9
        }
}
@article{HayashiTakagi2015LabellingAO,
  title={Labelling and optical erasure of synaptic memory traces in the motor cortex},
  author={Akiko Hayashi-Takagi and Sho Yagishita and Mayumi Nakamura and Fukutoshi Shirai and Yi Wu and Amanda L. Loshbaugh and Brian Kuhlman and Klaus M. Hahn and Haruo Kasai},
  journal={Nature},
  year={2015},
  volume={525},
  pages={333 - 338}
}
@article{Shuai2010ForgettingIR,
  title={Forgetting Is Regulated through Rac Activity in Drosophila},
  author={Yichun Shuai and Binyan Lu and Ying Hu and Lianzhang Wang and Kan Sun and Yi Zhong},
  journal={Cell},
  year={2010},
  volume={140},
  pages={579-589}
}
@article{RICHARDS20171071,
title = "The Persistence and Transience of Memory",
journal = "Neuron",
volume = "94",
number = "6",
pages = "1071 - 1084",
year = "2017",
issn = "0896-6273",
doi = "https://doi.org/10.1016/j.neuron.2017.04.037",
url = "http://www.sciencedirect.com/science/article/pii/S0896627317303653",
author = "Blake A. Richards and Paul W. Frankland",
keywords = "machine learning, forgetting, regularization, neurogenesis, decision-making, overfitting, behavioral flexibility, generalization",
abstract = "The predominant focus in the neurobiological study of memory has been on remembering (persistence). However, recent studies have considered the neurobiology of forgetting (transience). Here we draw parallels between neurobiological and computational mechanisms underlying transience. We propose that it is the interaction between persistence and transience that allows for intelligent decision-making in dynamic, noisy environments. Specifically, we argue that transience (1) enhances flexibility, by reducing the influence of outdated information on memory-guided decision-making, and (2) prevents overfitting to specific past events, thereby promoting generalization. According to this view, the goal of memory is not the transmission of information through time, per se. Rather, the goal of memory is to optimize decision-making. As such, transience is as important as persistence in mnemonic systems."
}


----------------- url
@manual{torch-model,
      title  = "Torchvision Official Models",
      author = "PyTorch",
      url    = "https://pytorch.org/docs/stable/torchvision/models.html",
      year   = "2020"
    }
@manual{torch-example,
      title  = "PyTorch Official Example",
      author = "PyTorch",
      url    = "https://github.com/pytorch/examples/blob/master/imagenet/main.py",
      year   = "2020"
    }
	
	
---------------recent quantization

@inproceedings{DBLP:conf/nips/ChenWP19,
  author    = {Shangyu Chen and
               Wenya Wang and
               Sinno Jialin Pan},
  editor    = {Hanna M. Wallach and
               Hugo Larochelle and
               Alina Beygelzimer and
               Florence d'Alch{\'{e}}{-}Buc and
               Emily B. Fox and
               Roman Garnett},
  title     = {MetaQuant: Learning to Quantize by Learning to Penetrate Non-differentiable
               Quantization},
  booktitle = {Advances in Neural Information Processing Systems 32: Annual Conference
               on Neural Information Processing Systems 2019, NeurIPS 2019, 8-14
               December 2019, Vancouver, BC, Canada},
  pages     = {3918--3928},
  year      = {2019},
  url       = {http://papers.nips.cc/paper/8647-metaquant-learning-to-quantize-by-learning-to-penetrate-non-differentiable-quantization},
  timestamp = {Fri, 06 Mar 2020 16:59:09 +0100},
  biburl    = {https://dblp.org/rec/conf/nips/ChenWP19.bib},
  bibsource = {dblp computer science bibliography, https://dblp.org}
}

@inproceedings{DBLP:conf/nips/ZhaoGBM019,
  author    = {Yiren Zhao and
               Xitong Gao and
               Daniel Bates and
               Robert D. Mullins and
               Cheng{-}Zhong Xu},
  editor    = {Hanna M. Wallach and
               Hugo Larochelle and
               Alina Beygelzimer and
               Florence d'Alch{\'{e}}{-}Buc and
               Emily B. Fox and
               Roman Garnett},
  title     = {Focused Quantization for Sparse CNNs},
  booktitle = {Advances in Neural Information Processing Systems 32: Annual Conference
               on Neural Information Processing Systems 2019, NeurIPS 2019, 8-14
               December 2019, Vancouver, BC, Canada},
  pages     = {5585--5594},
  year      = {2019},
  url       = {http://papers.nips.cc/paper/8796-focused-quantization-for-sparse-cnns},
  timestamp = {Fri, 06 Mar 2020 16:59:09 +0100},
  biburl    = {https://dblp.org/rec/conf/nips/ZhaoGBM019.bib},
  bibsource = {dblp computer science bibliography, https://dblp.org}
}
@inproceedings{DBLP:conf/nips/BannerNS19,
  author    = {Ron Banner and
               Yury Nahshan and
               Daniel Soudry},
  editor    = {Hanna M. Wallach and
               Hugo Larochelle and
               Alina Beygelzimer and
               Florence d'Alch{\'{e}}{-}Buc and
               Emily B. Fox and
               Roman Garnett},
  title     = {Post training 4-bit quantization of convolutional networks for rapid-deployment},
  booktitle = {Advances in Neural Information Processing Systems 32: Annual Conference
               on Neural Information Processing Systems 2019, NeurIPS 2019, 8-14
               December 2019, Vancouver, BC, Canada},
  pages     = {7948--7956},
  year      = {2019},
  url       = {http://papers.nips.cc/paper/9008-post-training-4-bit-quantization-of-convolutional-networks-for-rapid-deployment},
  timestamp = {Fri, 06 Mar 2020 16:59:27 +0100},
  biburl    = {https://dblp.org/rec/conf/nips/BannerNS19.bib},
  bibsource = {dblp computer science bibliography, https://dblp.org}
}

@inproceedings{DBLP:conf/cvpr/JiaoWJSLH19,
  author    = {Jianbo Jiao and
               Yunchao Wei and
               Zequn Jie and
               Honghui Shi and
               Rynson W. H. Lau and
               Thomas S. Huang},
  title     = {Geometry-Aware Distillation for Indoor Semantic Segmentation},
  booktitle = {{IEEE} Conference on Computer Vision and Pattern Recognition, {CVPR}
               2019, Long Beach, CA, USA, June 16-20, 2019},
  pages     = {2869--2878},
  publisher = {Computer Vision Foundation / {IEEE}},
  year      = {2019},
  url       = {http://openaccess.thecvf.com/content\_CVPR\_2019/html/Jiao\_Geometry-Aware\_Distillation\_for\_Indoor\_Semantic\_Segmentation\_CVPR\_2019\_paper.html},
  doi       = {10.1109/CVPR.2019.00298},
  timestamp = {Fri, 27 Mar 2020 08:56:40 +0100},
  biburl    = {https://dblp.org/rec/conf/cvpr/JiaoWJSLH19.bib},
  bibsource = {dblp computer science bibliography, https://dblp.org}
}
@inproceedings{DBLP:conf/cvpr/LiuCLQLW19,
  author    = {Yifan Liu and
               Ke Chen and
               Chris Liu and
               Zengchang Qin and
               Zhenbo Luo and
               Jingdong Wang},
  title     = {Structured Knowledge Distillation for Semantic Segmentation},
  booktitle = {{IEEE} Conference on Computer Vision and Pattern Recognition, {CVPR}
               2019, Long Beach, CA, USA, June 16-20, 2019},
  pages     = {2604--2613},
  publisher = {Computer Vision Foundation / {IEEE}},
  year      = {2019},
  url       = {http://openaccess.thecvf.com/content\_CVPR\_2019/html/Liu\_Structured\_Knowledge\_Distillation\_for\_Semantic\_Segmentation\_CVPR\_2019\_paper.html},
  doi       = {10.1109/CVPR.2019.00271},
  timestamp = {Mon, 20 Jan 2020 15:36:04 +0100},
  biburl    = {https://dblp.org/rec/conf/cvpr/LiuCLQLW19.bib},
  bibsource = {dblp computer science bibliography, https://dblp.org}
}
@inproceedings{DBLP:conf/cvpr/VongkulbhisalVS19,
  author    = {Jayakorn Vongkulbhisal and
               Phongtharin Vinayavekhin and
               Marco Visentini Scarzanella},
  title     = {Unifying Heterogeneous Classifiers With Distillation},
  booktitle = {{IEEE} Conference on Computer Vision and Pattern Recognition, {CVPR}
               2019, Long Beach, CA, USA, June 16-20, 2019},
  pages     = {3175--3184},
  publisher = {Computer Vision Foundation / {IEEE}},
  year      = {2019},
  url       = {http://openaccess.thecvf.com/content\_CVPR\_2019/html/Vongkulbhisal\_Unifying\_Heterogeneous\_Classifiers\_With\_Distillation\_CVPR\_2019\_paper.html},
  doi       = {10.1109/CVPR.2019.00329},
  timestamp = {Mon, 20 Jan 2020 15:36:04 +0100},
  biburl    = {https://dblp.org/rec/conf/cvpr/VongkulbhisalVS19.bib},
  bibsource = {dblp computer science bibliography, https://dblp.org}
}

@inproceedings{DBLP:conf/nips/AlvarezS16,
  author    = {Jose M. Alvarez and
               Mathieu Salzmann},
  editor    = {Daniel D. Lee and
               Masashi Sugiyama and
               Ulrike von Luxburg and
               Isabelle Guyon and
               Roman Garnett},
  title     = {Learning the Number of Neurons in Deep Networks},
  booktitle = {Advances in Neural Information Processing Systems 29: Annual Conference
               on Neural Information Processing Systems 2016, December 5-10, 2016,
               Barcelona, Spain},
  pages     = {2262--2270},
  year      = {2016},
  url       = {http://papers.nips.cc/paper/6372-learning-the-number-of-neurons-in-deep-networks},
  timestamp = {Fri, 06 Mar 2020 17:00:15 +0100},
  biburl    = {https://dblp.org/rec/conf/nips/AlvarezS16.bib},
  bibsource = {dblp computer science bibliography, https://dblp.org}
}
@inproceedings{Simon2013ASL,
  title={A Sparse-Group Lasso},
  author={Noah Simon and Jerome H. Friedman and Trevor J. Hastie and Robert Tibshirani},
  year={2013}
}
@inproceedings{DBLP:conf/ictai/WangBZZ19,
  author    = {Dong Wang and
               Xiao Bai and
               Lei Zhou and
               Jun Zhou},
  title     = {A One-step Pruning-recovery Framework for Acceleration of Convolutional
               Neural Networks},
  booktitle = {31st {IEEE} International Conference on Tools with Artificial Intelligence,
               {ICTAI} 2019, Portland, OR, USA, November 4-6, 2019},
  pages     = {768--775},
  publisher = {{IEEE}},
  year      = {2019},
  url       = {https://doi.org/10.1109/ICTAI.2019.00111},
  doi       = {10.1109/ICTAI.2019.00111},
  timestamp = {Thu, 20 Feb 2020 16:19:51 +0100},
  biburl    = {https://dblp.org/rec/conf/ictai/WangBZZ19.bib},
  bibsource = {dblp computer science bibliography, https://dblp.org}
}

@article{DBLP:journals/pami/LuoZZXWL19,
  author    = {Jian{-}Hao Luo and
               Hao Zhang and
               Hong{-}Yu Zhou and
               Chen{-}Wei Xie and
               Jianxin Wu and
               Weiyao Lin},
  title     = {ThiNet: Pruning {CNN} Filters for a Thinner Net},
  journal   = {{IEEE} Trans. Pattern Anal. Mach. Intell.},
  volume    = {41},
  number    = {10},
  pages     = {2525--2538},
  year      = {2019},
  url       = {https://doi.org/10.1109/TPAMI.2018.2858232},
  doi       = {10.1109/TPAMI.2018.2858232},
  timestamp = {Sat, 30 May 2020 20:01:55 +0200},
  biburl    = {https://dblp.org/rec/journals/pami/LuoZZXWL19.bib},
  bibsource = {dblp computer science bibliography, https://dblp.org}
}

@inproceedings{ding2019acnet,
  title={Acnet: Strengthening the kernel skeletons for powerful cnn via asymmetric convolution blocks},
  author={Ding, Xiaohan and Guo, Yuchen and Ding, Guiguang and Han, Jungong},
  booktitle={Proceedings of the IEEE International Conference on Computer Vision},
  pages={1911--1920},
  year={2019}
}
@inproceedings{ding2019approximated,
  title={Approximated Oracle Filter Pruning for Destructive CNN Width Optimization},
  author={Ding, Xiaohan and Ding, Guiguang and Guo, Yuchen and Han, Jungong and Yan, Chenggang},
  booktitle={International Conference on Machine Learning},
  pages={1607--1616},
  year={2019}
}

@article{Hinge,
  title={Group Sparsity: The Hinge Between Filter Pruning and Decomposition for Network Compression},
  author={Yawei Li and Shuhang Gu and C. Mayer and L. Gool and R. Timofte},
  journal={2020 IEEE/CVF Conference on Computer Vision and Pattern Recognition (CVPR)},
  year={2020},
  pages={8015-8024}
}

@article{OT,
  title={Channel Pruning via Optimal Thresholding},
  author={Yun Ye and Ganmei You and J. Fwu and Xia Zhu and Q. Yang and Y. Zhu},
  journal={ArXiv},
  year={2020},
  volume={abs/2003.04566}
}

@article{OICSROS,
  title={OICSR: Out-In-Channel Sparsity Regularization for Compact Deep Neural Networks},
  author={Jiashi Li and Q. Qi and J. Wang and Ce Ge and Yujian Li and Zhangzhang Yue and Haifeng Sun},
  journal={2019 IEEE/CVF Conference on Computer Vision and Pattern Recognition (CVPR)},
  year={2019},
  pages={7039-7048}
}

@article{Dependency,
  title={Dependency Aware Filter Pruning},
  author={Kai Zhao and Xinyu Zhang and Q. Han and Ming-Ming Cheng},
  journal={ArXiv},
  year={2020},
  volume={abs/2005.02634}
}

@article{Rethink_SNLI,
  title={Rethinking the Smaller-Norm-Less-Informative Assumption in Channel Pruning of Convolution Layers},
  author={Jianbo Ye and Xin Lu and Zhe L. Lin and J. Z. Wang},
  journal={ArXiv},
  year={2018},
  volume={abs/1802.00124}
}

@article{L1,
  title={Pruning Filters for Efficient ConvNets},
  author={Hao Li and Asim Kadav and Igor Durdanovic and H. Samet and H. Graf},
  journal={ArXiv},
  year={2017},
  volume={abs/1608.08710}
}

@article{GM,
  title={Robust statistics on Riemannian manifolds via the geometric median},
  author={P. T. Fletcher and Suresh Venkatasubramanian and S. Joshi},
  journal={2008 IEEE Conference on Computer Vision and Pattern Recognition},
  year={2008},
  pages={1-8}
}

@article{LeGR,
  title={Towards Efficient Model Compression via Learned Global Ranking},
  author={Ting-Wu Chin and Ruizhou Ding and C. Zhang and Diana Marculescu},
  journal={2020 IEEE/CVF Conference on Computer Vision and Pattern Recognition (CVPR)},
  year={2020},
  pages={1515-1525}
}

@article{Srinivas2017TrainingSN,
  title={Training Sparse Neural Networks},
  author={Suraj Srinivas and Akshayvarun Subramanya and R. Venkatesh Babu},
  journal={2017 IEEE Conference on Computer Vision and Pattern Recognition Workshops (CVPRW)},
  year={2017},
  pages={455-462}
}